<record><leader>00000cas a2200000 a 4500</leader><controlfield tag="001">69680975</controlfield><controlfield tag="007">hd afb---bucu</controlfield><controlfield tag="007">hd bfb---buau</controlfield><controlfield tag="007">hd bfb---bubu</controlfield><controlfield tag="008">060602d19961999wauwr nea     0    0eng c</controlfield><datafield ind1=" " ind2=" " tag="010"><subfield code="a">  2006252472</subfield></datafield><datafield ind1=" " ind2=" " tag="040"><subfield code="a">WAU</subfield><subfield code="b">eng</subfield><subfield code="c">WAU</subfield><subfield code="d">WAU</subfield><subfield code="d">OCLCQ</subfield><subfield code="d">OCLCF</subfield><subfield code="d">OCLCQ</subfield></datafield><datafield ind1=" " ind2=" " tag="042"><subfield code="a">pcc</subfield></datafield><datafield ind1=" " ind2=" " tag="043"><subfield code="a">n-us-wa</subfield></datafield><datafield ind1="0" ind2=" " tag="130"><subfield code="a">Montesano vidette (Montesano, Wash. : 1996)</subfield></datafield><datafield ind1="1" ind2="4" tag="245"><subfield code="a">The Montesano vidette.</subfield></datafield><datafield ind1="3" ind2="0" tag="246"><subfield code="a">Vidette</subfield></datafield><datafield ind1=" " ind2=" " tag="260"><subfield code="a">Montesano, Wa. :</subfield><subfield code="b">Montesano Vidette, Inc.,</subfield><subfield code="c">1996-1999.</subfield></datafield><datafield ind1=" " ind2=" " tag="300"><subfield code="a">4 volumes :</subfield><subfield code="b">illustrations</subfield></datafield><datafield ind1=" " ind2=" " tag="310"><subfield code="a">Weekly</subfield></datafield><datafield ind1=" " ind2=" " tag="336"><subfield code="a">text</subfield><subfield code="b">txt</subfield><subfield code="2">rdacontent</subfield></datafield><datafield ind1=" " ind2=" " tag="337"><subfield code="a">microform</subfield><subfield code="b">h</subfield><subfield code="2">rdamedia</subfield></datafield><datafield ind1=" " ind2=" " tag="338"><subfield code="a">microfilm reel</subfield><subfield code="b">hd</subfield><subfield code="2">rdacarrier</subfield></datafield><datafield ind1="0" ind2=" " tag="362"><subfield code="a">114th year, no. 9 (Feb. 29, 1996)-117th year, no. 42 (Oct. 21, 1999).</subfield></datafield><datafield ind1=" " ind2=" " tag="533"><subfield code="a">Microfilm.</subfield><subfield code="m">114th year:no. 9-117th year, no. 42 (Feb. 29,</subfield><subfield code="d">1996-Oct. 21, 1999)</subfield><subfield code="b">Seattle, Wash. :</subfield><subfield code="c">Filmed by University of Washington Libraries.</subfield><subfield code="e">8 microfilm reels ; 35 mm.</subfield><subfield code="n">Filmed with other titles.</subfield></datafield><datafield ind1=" " ind2="0" tag="651"><subfield code="a">Montesano (Wash.)</subfield><subfield code="v">Newspapers.</subfield></datafield><datafield ind1=" " ind2="7" tag="651"><subfield code="a">Washington (State)</subfield><subfield code="z">Montesano.</subfield><subfield code="2">fast</subfield><subfield code="0">(OCoLC)fst01227411</subfield></datafield><datafield ind1=" " ind2="7" tag="655"><subfield code="a">Newspapers.</subfield><subfield code="2">fast</subfield><subfield code="0">(OCoLC)fst01423814</subfield></datafield><datafield ind1=" " ind2=" " tag="752"><subfield code="a">United States</subfield><subfield code="b">Washington</subfield><subfield code="c">Grays Harbor</subfield><subfield code="d">Montesano.</subfield></datafield><datafield ind1="1" ind2=" " tag="776"><subfield code="c">Original</subfield><subfield code="w">(OCoLC)41441618</subfield></datafield><datafield ind1="0" ind2="0" tag="780"><subfield code="t">Montesano Grays Harbor vidette</subfield><subfield code="w">(DLC)  2006252471</subfield><subfield code="w">(OCoLC)69680940</subfield></datafield><datafield ind1="0" ind2="0" tag="785"><subfield code="t">Vidette (Montesano, Wash. : 2000)</subfield><subfield code="w">(DLC)  2006252473</subfield></datafield><datafield ind1=" " ind2=" " tag="850"><subfield code="a">WAU</subfield><subfield code="a">WAU (master)</subfield></datafield><datafield ind1="1" ind2=" " tag="029"><subfield code="a">AU@</subfield><subfield code="b">000040339931</subfield></datafield></record>